@misc{1_tricks_2014,
author={Tricks, Henry},
title={The Pacific Age},
url={http://www.economist.com/news/special-report/21631795-under-american-leadership-pacific-has-become-engine-room-world-trade},
journal={The Economist},
year={2014}
},

@misc{2_tricks_2014,
author={Tricks, Henry},
title={Galleons and gunships},
url={http://www.economist.com/news/special-report/21631796-pacific-history-has-been-defined-bullies-enforcing-their-rules-galleons-and-gunships},
journal={The Economist},
year={2014}
},

@misc{3_tricks_2014,
author={Tricks, Henry},
title={The flying factory},
url={http://www.economist.com/news/special-report/21631799-asia-has-built-web-economic-interdependence-which-china-would-be-ill-advised},
journal={The Economist},
year={2014}
},

@misc{4_tricks_2014,
author={Tricks, Henry},
title={America's big bet},
url={http://www.economist.com/news/special-report/21631797-america-needs-push-free-trade-pact-pacific-more-vigorously-americas-big-bet},
journal={The Economist},
year={2014}
},

@misc{5_tricks_2014,
author={Tricks, Henry},
title={Your rules or mine?},
url={http://www.economist.com/news/special-report/21631792-trade-depends-order-sea-keeping-it-far-straightforward-your-rules-or},
journal={The Economist},
year={2014}
},

@misc{6_tricks_2014,
author={Tricks, Henry},
title={Oil and water},
url={http://www.economist.com/news/special-report/21631798-north-americas-energy-revolution-will-have-ripple-effect-around-pacific-oil-and},
journal={The Economist},
year={2014}
},

@misc{7_tricks_2014,
author={Tricks, Henry},
title={Pacific pumas},
url={http://www.economist.com/news/special-report/21631801-americas-backyard-pacific-economies-are-learning-east-asia-pacific-pumas},
journal={The Economist},
year={2014}
},

@misc{8_tricks_2014,
author={Tricks, Henry},
title={Salud!},
url={http://www.economist.com/news/special-report/21631800-food-and-drink-draw-two-regions-together-salud},
journal={The Economist},
year={2014}
},
@misc{9_tricks_2014,
author={Tricks, Henry},
title={Merchants or missionaries?},
url={http://www.economist.com/news/special-report/21631802-big-powers-pacific-need-be-pragmatic-not-dogmatic-merchants-or},
journal={The Economist},
year={2014}
},
@misc{10_bird_2014,
author={Bird, Mike},
title={China Just Overtook The US As The World's Largest Economy},
url={http://www.businessinsider.com/china-overtakes-us-as-worlds-largest-economy-2014-10},
journal={Business Insider},
year={2014}
},
@book{11_kerrey_2001,
author={Kerrey, J Robert},
title={The United States and Southeast Asia: A Policy Agenda for the New Administration},
place={Report of an Independent Task Force},
publisher={Council on Foreign Relations},
year={2001}
},
@book{12_khalilzhad_1999,
author={Khalilzad, Zalmay. et al.},
title={The United States and a rising China: Strategic and Military Implications},
place={RAND’s Project AIR FORCE division},
publisher={U.S Department of Defence},
year={1999}
},
@book{13_sokolsky_2000,
author={Richard Sokolsky, Angel Rabasa, C. R. Neu},
title={The Role of Southeast Asia in US Strategy Toward China},
place={RAND’s Project AIR FORCE division},
publisher={U.S Department of Defence},
year={2000}
}
